%YAML 1.1
%TAG !u! tag:unity3d.com,2011:
--- !u!1 &2791218383181930547
GameObject:
  m_ObjectHideFlags: 0
  m_CorrespondingSourceObject: {fileID: 0}
  m_PrefabInstance: {fileID: 0}
  m_PrefabAsset: {fileID: 0}
  serializedVersion: 6
  m_Component:
  - component: {fileID: 2791218383181930546}
  m_Layer: 0
  m_Name: Map
  m_TagString: Untagged
  m_Icon: {fileID: 0}
  m_NavMeshLayer: 0
  m_StaticEditorFlags: 0
  m_IsActive: 1
--- !u!4 &2791218383181930546
Transform:
  m_ObjectHideFlags: 0
  m_CorrespondingSourceObject: {fileID: 0}
  m_PrefabInstance: {fileID: 0}
  m_PrefabAsset: {fileID: 0}
  m_GameObject: {fileID: 2791218383181930547}
  m_LocalRotation: {x: 0, y: 0, z: 0, w: 1}
  m_LocalPosition: {x: 0, y: 0, z: 0}
  m_LocalScale: {x: 1, y: 1, z: 1}
  m_Children:
  - {fileID: 2791218382311932950}
  - {fileID: 2791218382685529926}
  - {fileID: 2791218383524547290}
  - {fileID: 2791218383240048899}
  - {fileID: 2791218384292925709}
  - {fileID: 1145040931930097071}
  - {fileID: 616348187569187427}
  m_Father: {fileID: 0}
  m_RootOrder: 0
  m_LocalEulerAnglesHint: {x: 0, y: 0, z: 0}
--- !u!1001 &616348187569058019
PrefabInstance:
  m_ObjectHideFlags: 0
  serializedVersion: 2
  m_Modification:
    m_TransformParent: {fileID: 2791218383181930546}
    m_Modifications:
    - target: {fileID: 100000, guid: 1d4861fb1a450eb4382d0208f25f5c58, type: 3}
      propertyPath: m_Name
      value: Dust01
      objectReference: {fileID: 0}
    - target: {fileID: 400000, guid: 1d4861fb1a450eb4382d0208f25f5c58, type: 3}
      propertyPath: m_LocalPosition.x
      value: -2.11
      objectReference: {fileID: 0}
    - target: {fileID: 400000, guid: 1d4861fb1a450eb4382d0208f25f5c58, type: 3}
      propertyPath: m_LocalPosition.y
      value: -0.012
      objectReference: {fileID: 0}
    - target: {fileID: 400000, guid: 1d4861fb1a450eb4382d0208f25f5c58, type: 3}
      propertyPath: m_LocalPosition.z
      value: -6.054
      objectReference: {fileID: 0}
    - target: {fileID: 400000, guid: 1d4861fb1a450eb4382d0208f25f5c58, type: 3}
      propertyPath: m_LocalRotation.x
      value: -0.7071068
      objectReference: {fileID: 0}
    - target: {fileID: 400000, guid: 1d4861fb1a450eb4382d0208f25f5c58, type: 3}
      propertyPath: m_LocalRotation.y
      value: -0
      objectReference: {fileID: 0}
    - target: {fileID: 400000, guid: 1d4861fb1a450eb4382d0208f25f5c58, type: 3}
      propertyPath: m_LocalRotation.z
      value: -0
      objectReference: {fileID: 0}
    - target: {fileID: 400000, guid: 1d4861fb1a450eb4382d0208f25f5c58, type: 3}
      propertyPath: m_LocalRotation.w
      value: 0.7071068
      objectReference: {fileID: 0}
    - target: {fileID: 400000, guid: 1d4861fb1a450eb4382d0208f25f5c58, type: 3}
      propertyPath: m_RootOrder
      value: 6
      objectReference: {fileID: 0}
    - target: {fileID: 400000, guid: 1d4861fb1a450eb4382d0208f25f5c58, type: 3}
      propertyPath: m_LocalEulerAnglesHint.x
      value: 0
      objectReference: {fileID: 0}
    - target: {fileID: 400000, guid: 1d4861fb1a450eb4382d0208f25f5c58, type: 3}
      propertyPath: m_LocalEulerAnglesHint.y
      value: 0
      objectReference: {fileID: 0}
    - target: {fileID: 400000, guid: 1d4861fb1a450eb4382d0208f25f5c58, type: 3}
      propertyPath: m_LocalEulerAnglesHint.z
      value: 0
      objectReference: {fileID: 0}
    m_RemovedComponents: []
  m_SourcePrefab: {fileID: 100100000, guid: 1d4861fb1a450eb4382d0208f25f5c58, type: 3}
--- !u!4 &616348187569187427 stripped
Transform:
  m_CorrespondingSourceObject: {fileID: 400000, guid: 1d4861fb1a450eb4382d0208f25f5c58,
    type: 3}
  m_PrefabInstance: {fileID: 616348187569058019}
  m_PrefabAsset: {fileID: 0}
--- !u!1001 &1025928174681482354
PrefabInstance:
  m_ObjectHideFlags: 0
  serializedVersion: 2
  m_Modification:
    m_TransformParent: {fileID: 1145040931930097071}
    m_Modifications:
    - target: {fileID: 100000, guid: 80b1319ccdb58a14f8f7dc24db386f64, type: 3}
      propertyPath: m_Name
      value: Coins05
      objectReference: {fileID: 0}
    - target: {fileID: 400000, guid: 80b1319ccdb58a14f8f7dc24db386f64, type: 3}
      propertyPath: m_LocalPosition.x
      value: -0.032
      objectReference: {fileID: 0}
    - target: {fileID: 400000, guid: 80b1319ccdb58a14f8f7dc24db386f64, type: 3}
      propertyPath: m_LocalPosition.y
      value: -0.127
      objectReference: {fileID: 0}
    - target: {fileID: 400000, guid: 80b1319ccdb58a14f8f7dc24db386f64, type: 3}
      propertyPath: m_LocalPosition.z
      value: -0.04
      objectReference: {fileID: 0}
    - target: {fileID: 400000, guid: 80b1319ccdb58a14f8f7dc24db386f64, type: 3}
      propertyPath: m_LocalRotation.x
      value: 0
      objectReference: {fileID: 0}
    - target: {fileID: 400000, guid: 80b1319ccdb58a14f8f7dc24db386f64, type: 3}
      propertyPath: m_LocalRotation.y
      value: -0
      objectReference: {fileID: 0}
    - target: {fileID: 400000, guid: 80b1319ccdb58a14f8f7dc24db386f64, type: 3}
      propertyPath: m_LocalRotation.z
      value: 0.98110914
      objectReference: {fileID: 0}
    - target: {fileID: 400000, guid: 80b1319ccdb58a14f8f7dc24db386f64, type: 3}
      propertyPath: m_LocalRotation.w
      value: -0.19345516
      objectReference: {fileID: 0}
    - target: {fileID: 400000, guid: 80b1319ccdb58a14f8f7dc24db386f64, type: 3}
      propertyPath: m_RootOrder
      value: 1
      objectReference: {fileID: 0}
    - target: {fileID: 400000, guid: 80b1319ccdb58a14f8f7dc24db386f64, type: 3}
      propertyPath: m_LocalEulerAnglesHint.x
      value: 0
      objectReference: {fileID: 0}
    - target: {fileID: 400000, guid: 80b1319ccdb58a14f8f7dc24db386f64, type: 3}
      propertyPath: m_LocalEulerAnglesHint.y
      value: 0
      objectReference: {fileID: 0}
    - target: {fileID: 400000, guid: 80b1319ccdb58a14f8f7dc24db386f64, type: 3}
      propertyPath: m_LocalEulerAnglesHint.z
      value: 202.30899
      objectReference: {fileID: 0}
    m_RemovedComponents: []
  m_SourcePrefab: {fileID: 100100000, guid: 80b1319ccdb58a14f8f7dc24db386f64, type: 3}
--- !u!1001 &1145040931930496815
PrefabInstance:
  m_ObjectHideFlags: 0
  serializedVersion: 2
  m_Modification:
    m_TransformParent: {fileID: 2791218383181930546}
    m_Modifications:
    - target: {fileID: 100000, guid: 87757fb0459302b4c88405ab4a27f56b, type: 3}
      propertyPath: m_Name
      value: Chest01_b
      objectReference: {fileID: 0}
    - target: {fileID: 400000, guid: 87757fb0459302b4c88405ab4a27f56b, type: 3}
      propertyPath: m_LocalPosition.x
      value: -2.141
      objectReference: {fileID: 0}
    - target: {fileID: 400000, guid: 87757fb0459302b4c88405ab4a27f56b, type: 3}
      propertyPath: m_LocalPosition.y
      value: 0.196
      objectReference: {fileID: 0}
    - target: {fileID: 400000, guid: 87757fb0459302b4c88405ab4a27f56b, type: 3}
      propertyPath: m_LocalPosition.z
      value: -6.184
      objectReference: {fileID: 0}
    - target: {fileID: 400000, guid: 87757fb0459302b4c88405ab4a27f56b, type: 3}
      propertyPath: m_LocalRotation.x
      value: -0.0593537
      objectReference: {fileID: 0}
    - target: {fileID: 400000, guid: 87757fb0459302b4c88405ab4a27f56b, type: 3}
      propertyPath: m_LocalRotation.y
      value: 0.7046113
      objectReference: {fileID: 0}
    - target: {fileID: 400000, guid: 87757fb0459302b4c88405ab4a27f56b, type: 3}
      propertyPath: m_LocalRotation.z
      value: 0.7046113
      objectReference: {fileID: 0}
    - target: {fileID: 400000, guid: 87757fb0459302b4c88405ab4a27f56b, type: 3}
      propertyPath: m_LocalRotation.w
      value: 0.0593537
      objectReference: {fileID: 0}
    - target: {fileID: 400000, guid: 87757fb0459302b4c88405ab4a27f56b, type: 3}
      propertyPath: m_RootOrder
      value: 5
      objectReference: {fileID: 0}
    - target: {fileID: 400000, guid: 87757fb0459302b4c88405ab4a27f56b, type: 3}
      propertyPath: m_LocalEulerAnglesHint.x
      value: -90.00001
      objectReference: {fileID: 0}
    - target: {fileID: 400000, guid: 87757fb0459302b4c88405ab4a27f56b, type: 3}
      propertyPath: m_LocalEulerAnglesHint.y
      value: 170.37
      objectReference: {fileID: 0}
    - target: {fileID: 400000, guid: 87757fb0459302b4c88405ab4a27f56b, type: 3}
      propertyPath: m_LocalEulerAnglesHint.z
      value: 0
      objectReference: {fileID: 0}
    m_RemovedComponents: []
  m_SourcePrefab: {fileID: 100100000, guid: 87757fb0459302b4c88405ab4a27f56b, type: 3}
--- !u!4 &1145040931930097071 stripped
Transform:
  m_CorrespondingSourceObject: {fileID: 400000, guid: 87757fb0459302b4c88405ab4a27f56b,
    type: 3}
  m_PrefabInstance: {fileID: 1145040931930496815}
  m_PrefabAsset: {fileID: 0}
--- !u!1001 &2791218382311546518
PrefabInstance:
  m_ObjectHideFlags: 0
  serializedVersion: 2
  m_Modification:
    m_TransformParent: {fileID: 2791218383181930546}
    m_Modifications:
    - target: {fileID: 100000, guid: 2fe16d2a679aa9945b025558fa9bec81, type: 3}
      propertyPath: m_Name
      value: Cave01_h
      objectReference: {fileID: 0}
    - target: {fileID: 400000, guid: 2fe16d2a679aa9945b025558fa9bec81, type: 3}
      propertyPath: m_LocalPosition.x
      value: 0
      objectReference: {fileID: 0}
    - target: {fileID: 400000, guid: 2fe16d2a679aa9945b025558fa9bec81, type: 3}
      propertyPath: m_LocalPosition.y
      value: 0
      objectReference: {fileID: 0}
    - target: {fileID: 400000, guid: 2fe16d2a679aa9945b025558fa9bec81, type: 3}
      propertyPath: m_LocalPosition.z
      value: 0
      objectReference: {fileID: 0}
    - target: {fileID: 400000, guid: 2fe16d2a679aa9945b025558fa9bec81, type: 3}
      propertyPath: m_LocalRotation.x
      value: -0
      objectReference: {fileID: 0}
    - target: {fileID: 400000, guid: 2fe16d2a679aa9945b025558fa9bec81, type: 3}
      propertyPath: m_LocalRotation.y
      value: 0.7071068
      objectReference: {fileID: 0}
    - target: {fileID: 400000, guid: 2fe16d2a679aa9945b025558fa9bec81, type: 3}
      propertyPath: m_LocalRotation.z
      value: 0.7071068
      objectReference: {fileID: 0}
    - target: {fileID: 400000, guid: 2fe16d2a679aa9945b025558fa9bec81, type: 3}
      propertyPath: m_LocalRotation.w
      value: 0
      objectReference: {fileID: 0}
    - target: {fileID: 400000, guid: 2fe16d2a679aa9945b025558fa9bec81, type: 3}
      propertyPath: m_RootOrder
      value: 0
      objectReference: {fileID: 0}
    - target: {fileID: 400000, guid: 2fe16d2a679aa9945b025558fa9bec81, type: 3}
      propertyPath: m_LocalEulerAnglesHint.x
      value: -90
      objectReference: {fileID: 0}
    - target: {fileID: 400000, guid: 2fe16d2a679aa9945b025558fa9bec81, type: 3}
      propertyPath: m_LocalEulerAnglesHint.y
      value: 180
      objectReference: {fileID: 0}
    - target: {fileID: 400000, guid: 2fe16d2a679aa9945b025558fa9bec81, type: 3}
      propertyPath: m_LocalEulerAnglesHint.z
      value: 0
      objectReference: {fileID: 0}
    m_RemovedComponents: []
  m_SourcePrefab: {fileID: 100100000, guid: 2fe16d2a679aa9945b025558fa9bec81, type: 3}
--- !u!4 &2791218382311932950 stripped
Transform:
  m_CorrespondingSourceObject: {fileID: 400000, guid: 2fe16d2a679aa9945b025558fa9bec81,
    type: 3}
  m_PrefabInstance: {fileID: 2791218382311546518}
  m_PrefabAsset: {fileID: 0}
--- !u!1001 &2791218382685666758
PrefabInstance:
  m_ObjectHideFlags: 0
  serializedVersion: 2
  m_Modification:
    m_TransformParent: {fileID: 2791218383181930546}
    m_Modifications:
    - target: {fileID: 100000, guid: 32d87e4575d97ca40885312b3a0c5665, type: 3}
      propertyPath: m_Name
      value: Cave02_a
      objectReference: {fileID: 0}
    - target: {fileID: 400000, guid: 32d87e4575d97ca40885312b3a0c5665, type: 3}
      propertyPath: m_LocalPosition.x
      value: 0
      objectReference: {fileID: 0}
    - target: {fileID: 400000, guid: 32d87e4575d97ca40885312b3a0c5665, type: 3}
      propertyPath: m_LocalPosition.y
      value: 0
      objectReference: {fileID: 0}
    - target: {fileID: 400000, guid: 32d87e4575d97ca40885312b3a0c5665, type: 3}
      propertyPath: m_LocalPosition.z
      value: 0
      objectReference: {fileID: 0}
    - target: {fileID: 400000, guid: 32d87e4575d97ca40885312b3a0c5665, type: 3}
      propertyPath: m_LocalRotation.x
      value: -0.7071068
      objectReference: {fileID: 0}
    - target: {fileID: 400000, guid: 32d87e4575d97ca40885312b3a0c5665, type: 3}
      propertyPath: m_LocalRotation.y
      value: -0
      objectReference: {fileID: 0}
    - target: {fileID: 400000, guid: 32d87e4575d97ca40885312b3a0c5665, type: 3}
      propertyPath: m_LocalRotation.z
      value: -0
      objectReference: {fileID: 0}
    - target: {fileID: 400000, guid: 32d87e4575d97ca40885312b3a0c5665, type: 3}
      propertyPath: m_LocalRotation.w
      value: 0.7071068
      objectReference: {fileID: 0}
    - target: {fileID: 400000, guid: 32d87e4575d97ca40885312b3a0c5665, type: 3}
      propertyPath: m_RootOrder
      value: 1
      objectReference: {fileID: 0}
    - target: {fileID: 400000, guid: 32d87e4575d97ca40885312b3a0c5665, type: 3}
      propertyPath: m_LocalEulerAnglesHint.x
      value: 0
      objectReference: {fileID: 0}
    - target: {fileID: 400000, guid: 32d87e4575d97ca40885312b3a0c5665, type: 3}
      propertyPath: m_LocalEulerAnglesHint.y
      value: 0
      objectReference: {fileID: 0}
    - target: {fileID: 400000, guid: 32d87e4575d97ca40885312b3a0c5665, type: 3}
      propertyPath: m_LocalEulerAnglesHint.z
      value: 0
      objectReference: {fileID: 0}
    m_RemovedComponents: []
  m_SourcePrefab: {fileID: 100100000, guid: 32d87e4575d97ca40885312b3a0c5665, type: 3}
--- !u!4 &2791218382685529926 stripped
Transform:
  m_CorrespondingSourceObject: {fileID: 400000, guid: 32d87e4575d97ca40885312b3a0c5665,
    type: 3}
  m_PrefabInstance: {fileID: 2791218382685666758}
  m_PrefabAsset: {fileID: 0}
--- !u!1001 &2791218383240440707
PrefabInstance:
  m_ObjectHideFlags: 0
  serializedVersion: 2
  m_Modification:
    m_TransformParent: {fileID: 2791218383181930546}
    m_Modifications:
    - target: {fileID: 100000, guid: e57e7f5191448f14bbd611ceb5dab829, type: 3}
      propertyPath: m_Name
      value: Cave03_b
      objectReference: {fileID: 0}
    - target: {fileID: 400000, guid: e57e7f5191448f14bbd611ceb5dab829, type: 3}
      propertyPath: m_LocalPosition.x
      value: 1.1
      objectReference: {fileID: 0}
    - target: {fileID: 400000, guid: e57e7f5191448f14bbd611ceb5dab829, type: 3}
      propertyPath: m_LocalPosition.y
      value: 0
      objectReference: {fileID: 0}
    - target: {fileID: 400000, guid: e57e7f5191448f14bbd611ceb5dab829, type: 3}
      propertyPath: m_LocalPosition.z
      value: -6.78
      objectReference: {fileID: 0}
    - target: {fileID: 400000, guid: e57e7f5191448f14bbd611ceb5dab829, type: 3}
      propertyPath: m_LocalRotation.x
      value: -0.70710677
      objectReference: {fileID: 0}
    - target: {fileID: 400000, guid: e57e7f5191448f14bbd611ceb5dab829, type: 3}
      propertyPath: m_LocalRotation.y
      value: -0.00000006181724
      objectReference: {fileID: 0}
    - target: {fileID: 400000, guid: e57e7f5191448f14bbd611ceb5dab829, type: 3}
      propertyPath: m_LocalRotation.z
      value: 2.7021173e-15
      objectReference: {fileID: 0}
    - target: {fileID: 400000, guid: e57e7f5191448f14bbd611ceb5dab829, type: 3}
      propertyPath: m_LocalRotation.w
      value: 0.7071068
      objectReference: {fileID: 0}
    - target: {fileID: 400000, guid: e57e7f5191448f14bbd611ceb5dab829, type: 3}
      propertyPath: m_RootOrder
      value: 3
      objectReference: {fileID: 0}
    - target: {fileID: 400000, guid: e57e7f5191448f14bbd611ceb5dab829, type: 3}
      propertyPath: m_LocalEulerAnglesHint.x
      value: 0
      objectReference: {fileID: 0}
    - target: {fileID: 400000, guid: e57e7f5191448f14bbd611ceb5dab829, type: 3}
      propertyPath: m_LocalEulerAnglesHint.y
      value: 0
      objectReference: {fileID: 0}
    - target: {fileID: 400000, guid: e57e7f5191448f14bbd611ceb5dab829, type: 3}
      propertyPath: m_LocalEulerAnglesHint.z
      value: 0
      objectReference: {fileID: 0}
    m_RemovedComponents: []
  m_SourcePrefab: {fileID: 100100000, guid: e57e7f5191448f14bbd611ceb5dab829, type: 3}
--- !u!4 &2791218383240048899 stripped
Transform:
  m_CorrespondingSourceObject: {fileID: 400000, guid: e57e7f5191448f14bbd611ceb5dab829,
    type: 3}
  m_PrefabInstance: {fileID: 2791218383240440707}
  m_PrefabAsset: {fileID: 0}
--- !u!1001 &2791218383524417626
PrefabInstance:
  m_ObjectHideFlags: 0
  serializedVersion: 2
  m_Modification:
    m_TransformParent: {fileID: 2791218383181930546}
    m_Modifications:
    - target: {fileID: 100000, guid: 63981261631cc064db633e6cafafd608, type: 3}
      propertyPath: m_Name
      value: Cave03_a
      objectReference: {fileID: 0}
    - target: {fileID: 400000, guid: 63981261631cc064db633e6cafafd608, type: 3}
      propertyPath: m_LocalPosition.x
      value: -0.02
      objectReference: {fileID: 0}
    - target: {fileID: 400000, guid: 63981261631cc064db633e6cafafd608, type: 3}
      propertyPath: m_LocalPosition.y
      value: 0.82
      objectReference: {fileID: 0}
    - target: {fileID: 400000, guid: 63981261631cc064db633e6cafafd608, type: 3}
      propertyPath: m_LocalPosition.z
      value: -6.97
      objectReference: {fileID: 0}
    - target: {fileID: 400000, guid: 63981261631cc064db633e6cafafd608, type: 3}
      propertyPath: m_LocalRotation.x
      value: -0.70710677
      objectReference: {fileID: 0}
    - target: {fileID: 400000, guid: 63981261631cc064db633e6cafafd608, type: 3}
      propertyPath: m_LocalRotation.y
      value: -0.00000006181724
      objectReference: {fileID: 0}
    - target: {fileID: 400000, guid: 63981261631cc064db633e6cafafd608, type: 3}
      propertyPath: m_LocalRotation.z
      value: 2.7021173e-15
      objectReference: {fileID: 0}
    - target: {fileID: 400000, guid: 63981261631cc064db633e6cafafd608, type: 3}
      propertyPath: m_LocalRotation.w
      value: 0.7071068
      objectReference: {fileID: 0}
    - target: {fileID: 400000, guid: 63981261631cc064db633e6cafafd608, type: 3}
      propertyPath: m_RootOrder
      value: 2
      objectReference: {fileID: 0}
    - target: {fileID: 400000, guid: 63981261631cc064db633e6cafafd608, type: 3}
      propertyPath: m_LocalEulerAnglesHint.x
      value: 0
      objectReference: {fileID: 0}
    - target: {fileID: 400000, guid: 63981261631cc064db633e6cafafd608, type: 3}
      propertyPath: m_LocalEulerAnglesHint.y
      value: 0
      objectReference: {fileID: 0}
    - target: {fileID: 400000, guid: 63981261631cc064db633e6cafafd608, type: 3}
      propertyPath: m_LocalEulerAnglesHint.z
      value: 0
      objectReference: {fileID: 0}
    m_RemovedComponents: []
  m_SourcePrefab: {fileID: 100100000, guid: 63981261631cc064db633e6cafafd608, type: 3}
--- !u!4 &2791218383524547290 stripped
Transform:
  m_CorrespondingSourceObject: {fileID: 400000, guid: 63981261631cc064db633e6cafafd608,
    type: 3}
  m_PrefabInstance: {fileID: 2791218383524417626}
  m_PrefabAsset: {fileID: 0}
--- !u!1001 &2791218384293317517
PrefabInstance:
  m_ObjectHideFlags: 0
  serializedVersion: 2
  m_Modification:
    m_TransformParent: {fileID: 2791218383181930546}
    m_Modifications:
    - target: {fileID: 100000, guid: 1ba6e157fbaad464fa5bf5f888269a67, type: 3}
      propertyPath: m_Name
      value: Cave03_f
      objectReference: {fileID: 0}
    - target: {fileID: 400000, guid: 1ba6e157fbaad464fa5bf5f888269a67, type: 3}
      propertyPath: m_LocalPosition.x
      value: 0.59
      objectReference: {fileID: 0}
    - target: {fileID: 400000, guid: 1ba6e157fbaad464fa5bf5f888269a67, type: 3}
      propertyPath: m_LocalPosition.y
      value: 0
      objectReference: {fileID: 0}
    - target: {fileID: 400000, guid: 1ba6e157fbaad464fa5bf5f888269a67, type: 3}
      propertyPath: m_LocalPosition.z
      value: -6.66
      objectReference: {fileID: 0}
    - target: {fileID: 400000, guid: 1ba6e157fbaad464fa5bf5f888269a67, type: 3}
      propertyPath: m_LocalRotation.x
      value: -0.70710677
      objectReference: {fileID: 0}
    - target: {fileID: 400000, guid: 1ba6e157fbaad464fa5bf5f888269a67, type: 3}
      propertyPath: m_LocalRotation.y
      value: -0.00000006181724
      objectReference: {fileID: 0}
    - target: {fileID: 400000, guid: 1ba6e157fbaad464fa5bf5f888269a67, type: 3}
      propertyPath: m_LocalRotation.z
      value: 2.7021173e-15
      objectReference: {fileID: 0}
    - target: {fileID: 400000, guid: 1ba6e157fbaad464fa5bf5f888269a67, type: 3}
      propertyPath: m_LocalRotation.w
      value: 0.7071068
      objectReference: {fileID: 0}
    - target: {fileID: 400000, guid: 1ba6e157fbaad464fa5bf5f888269a67, type: 3}
      propertyPath: m_RootOrder
      value: 4
      objectReference: {fileID: 0}
    - target: {fileID: 400000, guid: 1ba6e157fbaad464fa5bf5f888269a67, type: 3}
      propertyPath: m_LocalEulerAnglesHint.x
      value: 0
      objectReference: {fileID: 0}
    - target: {fileID: 400000, guid: 1ba6e157fbaad464fa5bf5f888269a67, type: 3}
      propertyPath: m_LocalEulerAnglesHint.y
      value: 0
      objectReference: {fileID: 0}
    - target: {fileID: 400000, guid: 1ba6e157fbaad464fa5bf5f888269a67, type: 3}
      propertyPath: m_LocalEulerAnglesHint.z
      value: 0
      objectReference: {fileID: 0}
    m_RemovedComponents: []
  m_SourcePrefab: {fileID: 100100000, guid: 1ba6e157fbaad464fa5bf5f888269a67, type: 3}
--- !u!4 &2791218384292925709 stripped
Transform:
  m_CorrespondingSourceObject: {fileID: 400000, guid: 1ba6e157fbaad464fa5bf5f888269a67,
    type: 3}
  m_PrefabInstance: {fileID: 2791218384293317517}
  m_PrefabAsset: {fileID: 0}
--- !u!1001 &8950483067558062562
PrefabInstance:
  m_ObjectHideFlags: 0
  serializedVersion: 2
  m_Modification:
    m_TransformParent: {fileID: 1145040931930097071}
    m_Modifications:
    - target: {fileID: 100000, guid: 134be691242dfda4694dbf230be3148b, type: 3}
      propertyPath: m_Name
      value: Chest01_a
      objectReference: {fileID: 0}
    - target: {fileID: 400000, guid: 134be691242dfda4694dbf230be3148b, type: 3}
      propertyPath: m_LocalPosition.x
      value: -0
      objectReference: {fileID: 0}
    - target: {fileID: 400000, guid: 134be691242dfda4694dbf230be3148b, type: 3}
      propertyPath: m_LocalPosition.y
      value: 0
      objectReference: {fileID: 0}
    - target: {fileID: 400000, guid: 134be691242dfda4694dbf230be3148b, type: 3}
      propertyPath: m_LocalPosition.z
      value: 0
      objectReference: {fileID: 0}
    - target: {fileID: 400000, guid: 134be691242dfda4694dbf230be3148b, type: 3}
      propertyPath: m_LocalRotation.x
      value: -0.7071068
      objectReference: {fileID: 0}
    - target: {fileID: 400000, guid: 134be691242dfda4694dbf230be3148b, type: 3}
      propertyPath: m_LocalRotation.y
      value: 0
      objectReference: {fileID: 0}
    - target: {fileID: 400000, guid: 134be691242dfda4694dbf230be3148b, type: 3}
      propertyPath: m_LocalRotation.z
      value: -0
      objectReference: {fileID: 0}
    - target: {fileID: 400000, guid: 134be691242dfda4694dbf230be3148b, type: 3}
      propertyPath: m_LocalRotation.w
      value: 0.7071068
      objectReference: {fileID: 0}
    - target: {fileID: 400000, guid: 134be691242dfda4694dbf230be3148b, type: 3}
      propertyPath: m_RootOrder
      value: 0
      objectReference: {fileID: 0}
    - target: {fileID: 400000, guid: 134be691242dfda4694dbf230be3148b, type: 3}
      propertyPath: m_LocalEulerAnglesHint.x
      value: 0
      objectReference: {fileID: 0}
    - target: {fileID: 400000, guid: 134be691242dfda4694dbf230be3148b, type: 3}
      propertyPath: m_LocalEulerAnglesHint.y
      value: 0
      objectReference: {fileID: 0}
    - target: {fileID: 400000, guid: 134be691242dfda4694dbf230be3148b, type: 3}
      propertyPath: m_LocalEulerAnglesHint.z
      value: 0
      objectReference: {fileID: 0}
    m_RemovedComponents: []
  m_SourcePrefab: {fileID: 100100000, guid: 134be691242dfda4694dbf230be3148b, type: 3}
